% This file was created with JabRef 2.7.2.
% Encoding: UTF8

@ARTICLE{TsaimhPaper, 
author={M. {Tsai} and Y. {Lin}}, 
journal={IEEE Transactions on Wireless Communications}, 
title={Talk burst control for push-to-talk over cellular}, 
year={2008}, 
volume={7}, 
number={7}, 
pages={2612-2618}, 
keywords={cellular radio;Internet telephony;queueing theory;talk burst control;push-to-talk over cellular;PoC service;walkie- talkie-like service;mobile networks;speak permission;TBC mechanism;analytic model;queueing mechanism;voice-over-IP;Permission;Cellular networks;Queueing analysis;Automata;Computer science;Protocols;Performance analysis;Analytical models;Guidelines;Internet telephony}, 
doi={10.1109/LCOMM.2008.060980}, 
ISSN={1536-1276}, 
month={July},}
